@misc{fcc,
  title={The Dangers of Distracted Driving},
  month={September},
  year={2017},
  author={Federal Communications Commision},
  note={https://www.fcc.gov/consumers/guides/dangers-texting-while-driving}
}
@misc{statelaws,
  title={Distracted Driving},
  year={2017},
  author={Governors Highway Safety Association},
  note={https://www.ghsa.org/state-laws/issues/distracted driving}
}
